%% LaTeX2e file `03.bib'
%% generated by the `filecontents' environment
%% from source `03' on 2018/05/09.
%%
    @misc{BibEntry2013Dec,
     title = {{{$<$}iterator{$>$} - C++ Reference}},
     year = {2013},
     month = {Dec},
     note = {[Online; accessed 7. May 2018]},
     url = {http://www.cplusplus.com/reference/iterator}
    }
